% Encoding: UTF-8

@InProceedings{Walter2007,
  author    = {Bruce Walter and Stephen R. Marschner and Hongsong Li and Kenneth E. Torrance},
  title     = {Microfacet Models for Refraction through Rough Surfaces},
  booktitle = {EGSR 2007},
  year      = {2007},
}

@InProceedings{Heitz2017,
  author    = {Eric Heitz and Stephen Hill},
  title     = {Real-Time Line- and Disk-Light Shading with Linearly Transformed Cosines},
  booktitle = {SIGGRAPH 2017},
  year      = {2017},
}

@InProceedings{Neubelt2015,
  author    = {David Neubelt and Matt Pettineo},
  title     = {Advanced Lighting R\&D at Ready At Dawn Studios},
  booktitle = {SIGGRAPH 2015},
  year      = {2015},
}

@Inproceeding{Fry2017,
  author    = {Alex Fry},
  title     = {High Dynamic Range color grading and display in Frostbite},
  year      = {2017},
  booktitle = {GDC 2017},
}

@Inproceeding{McLaren2015,
  author    = {James McLaren},
  title     = {The Technology of The Tomorrow Children},
  year      = {2015},
  booktitle = {GDC 2015},
}

@InProceedings{Sousa2016,
  author    = {Tiago Sousa and Jean Geffroy},
  title     = {The devil is in the details: idTech 666},
  booktitle = {SIGGRAPH 2016},
  year      = {2016},
}

@InProceedings{ODonnell2017,
  author    = {Yuriy O'Donnell},
  title     = {FrameGraph: Extensible Rendering Architecture in Frostbite},
  booktitle = {GDC 2017},
  year      = {2017},
}

@InProceedings{Burley2012,
  author    = {Brent Burley},
  title     = {Physically Based Shading at Disney},
  booktitle = {SIGGRAPH 2012},
  year      = {2012},
}

@InProceedings{Heitz2014,
  author    = {Eric Heitz},
  title     = {Understanding the Masking-Shadowing Function in Microfacet-Based BRDFs},
  booktitle = {JCGT 2014},
  year      = {2014},
}

@InProceedings{Hoffman2015,
  author    = {Naty Hoffman},
  title     = {Physics and Math of Shading},
  booktitle = {SIGGRAPH 2015},
  year      = {2015},
}

@InProceedings{Hoffman2016,
  author    = {Naty Hoffman},
  title     = {Recent Advances in Physically Based Shading},
  booktitle = {SIGGRAPH 2016},
  year      = {2016},
}

@InProceedings{Olsson2012,
  author    = {Ola Olsson and Markus Billeter and Ulf Assarsson},
  title     = {Clustered Deferred and Forward Shading},
  booktitle = {HPG 2012},
  year      = {2012},
}

@InProceedings{Burns2013,
  author    = {Christopher A. Burns and Warren A. Hunt},
  title     = {The Visibility Buffer: A Cache-Friendly Approach to Deferred Shading},
  booktitle = {JCGT 2013},
  year      = {2013},
}

@InProceedings{Olsson2015,
  author    = {Ola Olsson},
  title     = {Introduction to Real-Time Shading with Many Lights},
  booktitle = {SIGGRAPH},
  year      = {2015},
}

@InProceedings{Oosten2015,
  author    = {Jeremiah van Oosten},
  title     = {Forward vs Deferred vs Forward+ Rendering with DirectX 11},
  booktitle = {3D Game Engine Programming},
  year      = {2015},
  url       = {https://www.3dgep.com/forward-plus/},
}

@InProceedings{Reinalter2015,
  author    = {Stefan Reinalter},
  title     = {Job System 2.0: Lock-Free Work Stealing},
  booktitle = {molecular matters},
  year      = {2015},
  url       = {https://blog.molecular-matters.com/2015/08/24/job-system-2-0-lock-free-work-stealing-part-1-basics/},
}

@InProceedings{Gyrling2015,
  author    = {Christian Gyrling},
  title     = {Parallelizing the Naughty Dog engine using fibers},
  booktitle = {GDC 2015},
  year      = {2015},
}

@Proceedings{Zsolnai-Feher2015,
  title  = {TU Wien Rendering},
  year   = {2015},
  url    = {https://www.youtube.com/watch?v=pjc1QAI6zS0},
  author = {K{\'a}roly Zsolnai-Feh{\'e}r and Thomas Auzinger},
}

@InProceedings{Olson2016,
  author    = {Tom Olson},
  title     = {Vulkan 101},
  booktitle = {Moving to Vulkan: How to make your 3D graphics more explicit},
  year      = {2016},
}

@InProceedings{Worcester2016,
  author    = {Michael Worcester},
  title     = {Command Buffer and Pipelines},
  booktitle = {Moving to Vulkan: How to make your 3D graphics more explicit},
  year      = {2016},
}

@InProceedings{Barker2016,
  author    = {Jesse Barker},
  title     = {Feeding Your Shaders},
  booktitle = {Moving to Vulkan: How to make your 3D graphics more explicit},
  year      = {2016},
}

@InProceedings{Garrard2016,
  author    = {Andrew Garrard},
  title     = {Vulkan Subpasses or The Frame Buffer is Lava},
  booktitle = {Moving to Vulkan: How to make your 3D graphics more explicit},
  year      = {2016},
}

@InProceedings{Hector2016,
  author    = {Tobias Hector},
  title     = {Keeping your GPU fed without getting bitten},
  booktitle = {Moving to Vulkan: How to make your 3D graphics more explicit},
  year      = {2016},
}

@InProceedings{Heitz2016,
  author    = {Eric Heitz and Jonathan Dupuy and Stephen Hill and David Neubelt},
  title     = {Real-Time Polygonal-Light Shading with Linearly Transformed Cosines},
  booktitle = {SIGGRAPH 2016},
  year      = {2016},
}

@InProceedings{Lagarde2014,
  author    = {SÃ©bastien Lagarde and Charles de Rousiers},
  title     = {Moving Frostbite to Physically Based Rendering},
  booktitle = {SIGGRAPH 2014},
  year      = {2014},
}

@InProceedings{Thomas2017,
  author    = {Gareth Thomas},
  title     = {D3D12 \& Vulkan Done Right},
  booktitle = {GDC 2017},
  year      = {2017},
}

@Article{Heitz2016b,
  author  = {Heitz, Eric and Hanika, Johannes and d'Eon, Eugene and Dachsbacher, Carsten},
  title   = {Multiple-scattering microfacet BSDFs with the Smith model},
  journal = {ACM Transactions on Graphics},
  year    = {2016},
}

@InProceedings{Chajdas2016,
  author    = {Matth{\"a}us G. Chajdas},
  title     = {D3D12 and Vulkan: Lessons learned},
  booktitle = {GDC 2016},
  year      = {2016},
}

@Article{Heitz2015,
  author    = {Heitz, Eric and Dupuy, Jonathan and Crassin, Cyril and Dachsbacher, Carsten},
  title     = {The SGGX microflake distribution},
  journal   = {ACM Transactions on Graphics (TOG)},
  year      = {2015},
  volume    = {34},
  number    = {4},
  pages     = {48},
  publisher = {ACM},
}

@InProceedings{Wihlidal2016,
  author    = {Graham Wihlidal},
  title     = {Optimizing the Graphics Pipeline With Compute},
  booktitle = {GDC},
  year      = {2016},
}

@InProceedings{Chajdas2017,
  author    = {Matth{\"a}us G. Chajdas},
  title     = {D3D12 \& Vulkan: Lessons learned},
  booktitle = {GDC},
  year      = {2017},
}

@Article{McGuire2014,
  author  = {McGuire, Morgan and Mara, Michael},
  title   = {Efficient GPU screen-space ray tracing},
  journal = {Journal of Computer Graphics Techniques (JCGT)},
  year    = {2014},
  volume  = {3},
  number  = {4},
  pages   = {73--85},
}

@InProceedings{Daniell2015,
  author    = {Piers Daniell},
  title     = {Vulkan on NVIDIA GPUs},
  booktitle = {SIGGRAPH},
  year      = {2015},
}

@InProceedings{Sellers2016,
  author    = {Graham Sellers},
  title     = {Vulkan memory allocation},
  booktitle = {GDC: Vulkan Event},
  year      = {2016},
}

@InProceedings{Sellers2016b,
  author    = {Graham Sellers and Timothy Lottes and Matth{\"a}us Chajdas},
  title     = {Vulkan Fast Paths},
  booktitle = {GDC},
  year      = {2016},
}

@InProceedings{Witczak2016,
  author    = {Dominik Witczak and Daniel Rakos and Derrick Owens},
  title     = {The Most Common Vulkan Mistakes},
  booktitle = {University of Lodz},
  year      = {2016},
}

@InProceedings{Schott2016,
  author    = {Mathias Schott and Lars M. Bishop},
  title     = {High-performance, Low-Overhead Rendering with OpenGL and Vulkan},
  booktitle = {GDC},
  year      = {2016},
}

@InProceedings{Caloca2016,
  author    = {Rolando Caloca},
  title     = {Porting UE4 to Vulkan},
  booktitle = {SIGGRAPH: Khronos 3D Graphics BoF},
  year      = {2016},
}

@InProceedings{Gneiting2016,
  author    = {Axel Gneiting},
  title     = {Porting DOOM to Vulkan},
  booktitle = {SIGGRAPH: Khronos 3D Graphics BoF},
  year      = {2016},
}

@InProceedings{McGuire2017,
  author       = {McGuire, Morgan and Mara, Mike and Nowrouzezahrai, Derek and Luebke, David},
  title        = {Real-time global illumination using precomputed light field probes},
  booktitle    = {SIGGRAPH},
  year         = {2017},
  organization = {ACM},
  pages        = {2},
}

@InProceedings{Hebert2016,
  author    = {Chris Hebert},
  title     = {Moving Forward with Vulkan - Pipelining Memory Operations},
  booktitle = {SIGGRAPH: Khronos 3D Graphics BoF},
  year      = {2016},
}

@InProceedings{Hector2016b,
  author    = {Tobias Hector},
  title     = {Best Practices: Render Passes \& Scheduling},
  booktitle = {SIGGRAPH: Khronos 3D Graphics BoF},
  year      = {2016},
}

@InProceedings{Archard2016,
  author    = {Dan Archard},
  title     = {Pipeline State Object Caching},
  booktitle = {SIGGRAPH: Khronos 3D Graphics BoF},
  year      = {2016},
}

@InProceedings{Hodes2016,
  author    = {Stephan Hodes and Dan Baker and Dave Oldcorn},
  title     = {Right on Queue},
  booktitle = {GDC},
  year      = {2016},
}

@InProceedings{Hodes2017,
  author    = {Stephan Hodes and Alex Dunn},
  title     = {Deep Dive: Asynchronous Compute},
  booktitle = {GDC},
  year      = {2017},
}

@Misc{Themaister2017,
  author  = {Themaister},
  title   = {Render graphs and Vulkan - a deep dive},
  year    = {2017},
  url     = {http://themaister.net/blog/2017/08/15/render-graphs-and-vulkan-a-deep-dive/},
  urldate = {2017-10-03},
}

@InProceedings{Lorach2016,
  author    = {Tristan Lorach},
  title     = {Vulkan: the essentials},
  booktitle = {GDC},
  year      = {2016},
}

@InProceedings{Thomas2016,
  author    = {Gareth Thomas and Alex Dunn},
  title     = {Practical DirectX 12 - Programming Model and Hardware Capabilities},
  booktitle = {GDC},
  year      = {2016},
}

@Article{Mara2016,
  author  = {M. Mara and M. McGuire and D. Nowrouzezahrai and D. Luebke},
  title   = {Deep G-Buffers for Stable Global Illumination Approximation},
  journal = {High Performance Graphics},
  year    = {2016},
}

@InProceedings{Lauritzen2010,
  author    = {Andrew Lauritzen and Marco Salvi and Aaron Lefohn},
  title     = {Sample Distribution Shadow Maps},
  booktitle = {SIGGRAPH Course: Advances in Real-Time Rendering in 3D Graphics and Games},
  year      = {2010},
}

@InProceedings{Carpentier2017,
  author    = {Giliam de Carpentier and Kohei Ishiyama},
  title     = {Decima Engine: Advances in Lighting and AA},
  booktitle = {SIGGRAPH Course: Advances in Real-Time Rendering in Games},
  year      = {2017},
}

@InProceedings{Sousa2013,
  author    = {Tiago Sousa},
  title     = {CRYENGINE3 Graphics Gems},
  booktitle = {SIGGRAPH},
  year      = {2013},
}

@InProceedings{Drobot2017,
  author    = {Michal Drobot},
  title     = {Improved Culling for Tiled and Clustered Rendering},
  booktitle = {SIGGRAPH Course: Advances in Real-Time Rendering in Games},
  year      = {2017},
}

@InProceedings{Garawany2016,
  author    = {Ramy El Garawany},
  title     = {Deferred Lighting in Uncharted 4},
  booktitle = {SIGGRAPH Course: Advances in Real-Time Rendering in Games},
  year      = {2016},
}

@InProceedings{Drobot2017b,
  author    = {Michal Drobot},
  title     = {Rendering of Call of Duty: Infinite Warfare},
  booktitle = {Digital Dragons},
  year      = {2017},
}

@InProceedings{Sousa2011,
  author    = {Tiago Sousa and Nickolay Kasyan and Nicolas Schulz},
  title     = {Secrets of CryENGINE 3 Graphics Technology},
  booktitle = {SIGGRAPH Course: Advances in Real-Time Rendering in 3D Graphics and Games},
  year      = {2011},
}

@InProceedings{Drobot2014,
  author    = {Michal Drobot},
  title     = {Low Level Optimizations for GCN},
  booktitle = {Digital Dragons},
  year      = {2014},
}

@InProceedings{Rodrigues2017,
  author    = {Tiago Rodrigues},
  title     = {Moving to DirectX 12: Lessons Learned},
  booktitle = {GDC},
  year      = {2017},
}

@InProceedings{Lecocq2016,
  author       = {Lecocq, Pascal and Dufay, Arthur and Sourimant, Ga{\"e}l and Marvie, Jean-Eudes},
  title        = {Accurate analytic approximations for real-time specular area lighting},
  booktitle    = {Proceedings of the 20th ACM SIGGRAPH Symposium on Interactive 3D Graphics and Games},
  year         = {2016},
  organization = {ACM},
  pages        = {113--120},
}

@InProceedings{Peters2015,
  author       = {Peters, Christoph and Klein, Reinhard},
  title        = {Moment shadow mapping},
  booktitle    = {Proceedings of the 19th Symposium on Interactive 3D Graphics and Games},
  year         = {2015},
  organization = {ACM},
  pages        = {7--14},
}

@Article{Cigolle2014,
  author  = {Cigolle, Zina H and Donow, Sam and Evangelakos, Daniel and Mara, Michael and McGuire, Morgan and Meyer, Quirin},
  title   = {A survey of efficient representations for independent unit vectors},
  journal = {Journal of Computer Graphics Techniques},
  year    = {2014},
  volume  = {3},
  number  = {2},
}

@InProceedings{Peters2016,
  author    = {Christoph Peters and Cedrick M{\"u}nstermann and Nico Wetzstein and Reinhard Klein},
  title     = {Beyond Hard Shadows: Moment Shadow Maps for Single Scattering, Soft Shadows and Translucent Occluders},
  booktitle = {SIGGRAPH},
  year      = {2016},
}

@InProceedings{Guertin2015,
  author    = {Jean-Philippe Guertin and Derek Nowrouzezahrai},
  title     = {High Performance Non-linear Motion Blur},
  booktitle = {EGSR},
  year      = {2015},
}

@InProceedings{Arvo1995,
  author       = {Arvo, James},
  title        = {Applications of irradiance tensors to the simulation of non-lambertian phenomena},
  booktitle    = {Proceedings of the 22nd annual conference on Computer graphics and interactive techniques},
  year         = {1995},
  organization = {ACM},
  pages        = {335--342},
}

@InProceedings{Haar2015,
  author    = {Haar, Ulrich and Aaltonen, Sebastian},
  title     = {Gpu-driven rendering pipelines},
  booktitle = {ACM SIGGRAPH},
  year      = {2015},
}

@InProceedings{Donnelly2006,
  author       = {Donnelly, William and Lauritzen, Andrew},
  title        = {Variance shadow maps},
  booktitle    = {Proceedings of the 2006 symposium on Interactive 3D graphics and games},
  year         = {2006},
  organization = {ACM},
  pages        = {161--165},
}

@InProceedings{Lottes2016,
  author    = {Timothy Lottes},
  title     = {Advanced Techniques and Optimization of VDR Color Pipelines},
  booktitle = {GDC},
  year      = {2016},
}

@InProceedings{True2017,
  author    = {Thomas J. True},
  title     = {Programming for High Dynamic Range Rendering and Display on NVIDIA GPUs},
  booktitle = {GTC},
  year      = {2017},
}

@InProceedings{Gotanda2015,
  author    = {Yoshiharu Gotanda},
  title     = {Real Camera},
  booktitle = {SIGGRAPH Courses: Real-Time Rendering of Physically Based Optical Effects in THeory and Practice},
  year      = {2015},
}

@Article{Peters2017,
  author  = {Peters, Christoph and M{\"u}nstermann, Cedrick and Wetzstein, Nico and Klein, Reinhard},
  title   = {Improved Moment Shadow Maps for Translucent Occluders, Soft Shadows and Single Scattering},
  journal = {Journal of Computer Graphics Techniques Vol},
  year    = {2017},
  volume  = {6},
  number  = {1},
}

@InProceedings{Tatarchuk2017,
  author    = {Natalya Tatarchuk},
  title     = {Evolution of Programmable Models for Graphics Engines},
  booktitle = {HPG},
  year      = {2017},
}

@InProceedings{Jansen2010,
  author       = {Jansen, Jon and Bavoil, Louis},
  title        = {Fourier opacity mapping},
  booktitle    = {Proceedings of the 2010 ACM SIGGRAPH symposium on Interactive 3D Graphics and Games},
  year         = {2010},
  organization = {ACM},
  pages        = {165--172},
}

@InProceedings{Yang2010,
  author       = {Yang, Baoguang and Dong, Zhao and Feng, Jieqing and Seidel, Hans-Peter and Kautz, Jan},
  title        = {Variance soft shadow mapping},
  booktitle    = {Computer Graphics Forum},
  year         = {2010},
  volume       = {29},
  number       = {7},
  organization = {Wiley Online Library},
  pages        = {2127--2134},
}

@InProceedings{Kakimoto2015,
  author    = {Masanori Kakimoto},
  title     = {Optics},
  booktitle = {SIGGRAPH Courses: Real-Time Rendering of Physically Based Optical Effects in THeory and Practice},
  year      = {2015},
}

@InProceedings{Kawase2015,
  author    = {Masaki Kawase},
  title     = {Lenses},
  booktitle = {SIGGRAPH Courses: Real-Time Rendering of Physically Based Optical Effects in THeory and Practice},
  year      = {2015},
}

@InProceedings{Loos2010,
  author       = {Loos, Bradford James and Sloan, Peter-Pike},
  title        = {Volumetric obscurance},
  booktitle    = {Proceedings of the 2010 ACM SIGGRAPH symposium on Interactive 3D Graphics and Games},
  year         = {2010},
  organization = {ACM},
  pages        = {151--156},
}

@InProceedings{Fernando2005,
  author       = {Fernando, Randima},
  title        = {Percentage-closer soft shadows},
  booktitle    = {ACM SIGGRAPH 2005 Sketches},
  year         = {2005},
  organization = {ACM},
  pages        = {35},
}

@Misc{Gyrling2017,
  author  = {Christian Gyrling},
  title   = {Cache Coherency and Multi-Core Programming},
  year    = {2017},
  url     = {http://www.swedishcoding.com/2017/11/10/multi-core-programming-and-cache-coherency/},
  urldate = {2017-11-19},
}

@InProceedings{Gotanda2015b,
  author    = {Yoshiharu Gotanda},
  title     = {Basic Implementation of Bokeh},
  booktitle = {SIGGRAPH Courses: Real-Time Rendering of Physically Based Optical Effects in THeory and Practice},
  year      = {2015},
}

@InProceedings{McGuire2012,
  author       = {McGuire, Morgan and Mara, Michael and Luebke, David},
  title        = {Scalable ambient obscurance},
  booktitle    = {Proceedings of the Fourth ACM SIGGRAPH/Eurographics conference on High-Performance Graphics},
  year         = {2012},
  organization = {Eurographics Association},
  pages        = {97--103},
}

@InProceedings{Kawase2015b,
  author    = {Masaki Kawase},
  title     = {Making Your Bokeh Fascinating},
  booktitle = {SIGGRAPH Courses: Real-Time Rendering of Physically Based Optical Effects in THeory and Practice},
  year      = {2015},
}

@InProceedings{Guertin2014,
  author    = {Guertin, Jean-Philippe and McGuire, Morgan and Nowrouzezahrai, Derek},
  title     = {A Fast and Stable Feature-Aware Motion Blur Filter.},
  booktitle = {High Performance Graphics},
  year      = {2014},
  pages     = {51--60},
}

@InProceedings{Kakimoto2015b,
  author    = {Masanori Kakimoto},
  title     = {Wavefront Tracing for Precise Bokeh Evaluation},
  booktitle = {SIGGRAPH Courses: Real-Time Rendering of Physically Based Optical Effects in THeory and Practice},
  year      = {2015},
}

@InProceedings{Vale2017,
  author    = {Will Vale},
  title     = {Decima Engine: Visibility in Horizon Zero Dawn},
  booktitle = {GCAP},
  year      = {2017},
}

@InProceedings{McGuire2012b,
  author       = {McGuire, Morgan and Hennessy, Padraic and Bukowski, Michael and Osman, Brian},
  title        = {A reconstruction filter for plausible motion blur},
  booktitle    = {Proceedings of the ACM SIGGRAPH Symposium on Interactive 3D Graphics and Games},
  year         = {2012},
  organization = {ACM},
  pages        = {135--142},
}

@InProceedings{Kakimoto2015c,
  author    = {Masanori Kakimoto},
  title     = {Wave optics based glare generation techniques},
  booktitle = {SIGGRAPH Courses: Real-Time Rendering of Physically Based Optical Effects in THeory and Practice},
  year      = {2015},
}

@InProceedings{Kawase2015c,
  author    = {Masaki Kawase},
  title     = {Recipes for Optical Effect System Design},
  booktitle = {SIGGRAPH Courses: Real-Time Rendering of Physically Based Optical Effects in THeory and Practice},
  year      = {2015},
}

@InProceedings{Gotanda2015c,
  author    = {Yoshiharu Gotanda},
  title     = {Recipes for Optical Effect System Design II},
  booktitle = {SIGGRAPH Courses: Real-Time Rendering of Physically Based Optical Effects in THeory and Practice},
  year      = {2015},
}

@InProceedings{Yang2011,
  author    = {Jason Yang},
  title     = {A Directionally Adaptive Edge Anti-Aliasing Filter},
  booktitle = {SIGGRAPH Courses: Filtering Approaches for Real-Time Anti-Aliasing},
  year      = {2011},
}

@InProceedings{Reshetov2011,
  author    = {Alexander Reshetov},
  title     = {Morphological Anti-Aliasing},
  booktitle = {SIGGRAPH Courses: Filtering Approaches for Real-Time Anti-Aliasing},
  year      = {2011},
}

@InProceedings{Jimenez2011,
  author    = {Jorge Jimenez},
  title     = {Jimenez's MLAA \& SMAA: Subpixel Morphological Anti-Aliasing},
  booktitle = {SIGGRAPH Courses: Filtering Approaches for Real-Time Anti-Aliasing},
  year      = {2011},
}

@InProceedings{McGuire2011,
  author    = {Morgan McGuire and Matth{\"a}us Chajdas and Sergey Puchin and Miguel Sainz and David Luebke},
  title     = {SRAA: Subpixel Reconstruction Anti-Aliasing},
  booktitle = {SIGGRAPH Courses: Filtering Approaches for Real-Time Anti-Aliasing},
  year      = {2011},
}

@InProceedings{Lottes2011,
  author    = {Timothy Lottes},
  title     = {FXAA 3.11 in 15 Slides},
  booktitle = {SIGGRAPH Courses: Filtering Approaches for Real-Time Anti-Aliasing},
  year      = {2011},
}

@InProceedings{Malan2011,
  author    = {Hugh Malan},
  title     = {Distance-to-edge AA (DEAA)},
  booktitle = {SIGGRAPH Courses: Filtering Approaches for Real-Time Anti-Aliasing},
  year      = {2011},
}

@InProceedings{Persson2011,
  author    = {Emil Persson},
  title     = {Geometry Buffer Anti-Aliasing},
  booktitle = {SIGGRAPH Courses: Filtering Approaches for Real-Time Anti-Aliasing},
  year      = {2011},
}

@InProceedings{Andreev2011,
  author    = {Dmitry Andreev},
  title     = {Anti-Aliasing From a Different Perspective},
  booktitle = {SIGGRAPH Courses: Filtering Approaches for Real-Time Anti-Aliasing},
  year      = {2011},
}

@InProceedings{Schneider2006,
  author       = {Schneider, Scott and Antonopoulos, Christos D and Nikolopoulos, Dimitrios S},
  title        = {Scalable locality-conscious multithreaded memory allocation},
  booktitle    = {Proceedings of the 5th international symposium on Memory management},
  year         = {2006},
  organization = {ACM},
  pages        = {84--94},
}

@InProceedings{Jimenez2012,
  author       = {Jimenez, Jorge and Echevarria, Jose I and Sousa, Tiago and Gutierrez, Diego},
  title        = {SMAA: Enhanced subpixel morphological antialiasing},
  booktitle    = {Computer Graphics Forum},
  year         = {2012},
  volume       = {31},
  number       = {2pt1},
  organization = {Wiley Online Library},
  pages        = {355--364},
}

@InProceedings{Sousa2011b,
  author    = {Tiago Sousa},
  title     = {Anti-Aliasing Methods in CryENGINE 3},
  booktitle = {SIGGRAPH Courses: Filtering Approaches for Real-Time Anti-Aliasing},
  year      = {2011},
}

@InProceedings{Jimenez2017,
  author    = {Jorge Jimenez and Alexander Reshetov},
  title     = {MLAA From 2009 To 2017},
  booktitle = {HPC},
  year      = {2017},
}

@InProceedings{Cozzi2017d,
  author    = {Patrick Cozzi},
  title     = {CUDA Performance},
  booktitle = {University of Pennsylvania, CIS 565 - Fall 2017},
  year      = {2017},
}

@InProceedings{Cozzi2017,
  author    = {Patrick Cozzi},
  title     = {GPU Architecture Overview},
  booktitle = {University of Pennsylvania, CIS 565 - Fall 2017},
  year      = {2017},
}

@InProceedings{Cozzi2017b,
  author    = {Patrick Cozzi and Shehzan Mohammed},
  title     = {Parallel Algorithms: Part 1},
  booktitle = {University of Pennsylvania, CIS 565 - Fall 2017},
  year      = {2017},
}

@InProceedings{Cozzi2017c,
  author    = {Patrick Cozzi},
  title     = {Parallel Algorithms: Part 2},
  booktitle = {University of Pennsylvania, CIS 565 - Fall 2017},
  year      = {2017},
}

@InProceedings{Cozzi2017e,
  author    = {Patrick Cozzi},
  title     = {CUDA Atomics},
  booktitle = {University of Pennsylvania, CIS 565 - Fall 2017},
  year      = {2017},
}

@InProceedings{Cozzi2017h,
  author    = {Patrick Cozzi},
  title     = {Forward+ and Clustered Shading},
  booktitle = {University of Pennsylvania, CIS 565 - Fall 2017},
  year      = {2017},
}

@InProceedings{Cozzi2017f,
  author    = {Patrick Cozzi},
  title     = {The Graphics Pipeline},
  booktitle = {University of Pennsylvania, CIS 565 - Fall 2017},
  year      = {2017},
}

@InProceedings{Cozzi2017g,
  author    = {Patrick Cozzi},
  title     = {Deferred Shading},
  booktitle = {University of Pennsylvania, CIS 565 - Fall 2017},
  year      = {2017},
}

@InProceedings{McGuire2017b,
  author    = {Morgan McGuire and Michael Mara},
  title     = {Phenomenological Transparency},
  booktitle = {IEEE Transactions on Visualization and Computer Graphics},
  year      = {2017},
}

@InProceedings{Enderton2010,
  author    = {Eric Enderton and Erik Sintorn and Peter Shirley and David Luebke},
  title     = {Stochastic Transparency},
  booktitle = {I3D '10: Proceedings of the 2010 symposium on Interactive 3D graphics and games},
  year      = {2010},
  location  = {Washington, DC, USA},
  isbn      = {978-1-60558-938-1},
  pages     = {157--164},
  address   = {New York, NY, USA},
}

@Article{McGuire2013,
  author  = {McGuire, Morgan and Bavoil, Louis},
  title   = {Weighted blended order-independent transparency},
  journal = {Journal of Computer Graphics Techniques},
  year    = {2013},
}

@InProceedings{McGuire2011b,
  author       = {McGuire, Morgan and Enderton, Eric},
  title        = {Colored stochastic shadow maps},
  booktitle    = {Symposium on Interactive 3D Graphics and Games},
  year         = {2011},
  organization = {ACM},
  pages        = {89--96},
}

@InProceedings{Jimenez2016,
  author    = {Jorge Jimenez},
  title     = {Filmic SMAA Sharp Morphological and Temporal Antialiasing},
  booktitle = {SIGGRAPH},
  year      = {2016},
}

@InProceedings{Jakob2010,
  author    = {Jakob, Wenzel and Arbree, Adam and Moon, Jonathan T. and Bala, Kavita and Marschner, Steve},
  title     = {A Radiative Transfer Framework for Rendering Materials with Anisotropic Structure},
  booktitle = {ACM SIGGRAPH 2010 Papers},
  year      = {2010},
  series    = {SIGGRAPH '10},
  publisher = {ACM},
  location  = {Los Angeles, California},
  isbn      = {978-1-4503-0210-4},
  pages     = {53:1--53:13},
  doi       = {10.1145/1833349.1778790},
  url       = {http://doi.acm.org/10.1145/1833349.1778790},
  acmid     = {1778790},
  address   = {New York, NY, USA},
  articleno = {53},
  keywords  = {BSSRDF, anisotropy, diffusion theory, dipole model, finite element method, light transport, subsurface scattering},
  numpages  = {13},
}

@InProceedings{Hammon2017,
  author    = {Earl Hammon, Jr.},
  title     = {PBR Diffuse Lighting for GGX+Smith Microsurfaces},
  booktitle = {GDC},
  year      = {2017},
}

@Misc{Khronos2018,
  author = {Khronos},
  title  = {Vulkan 1.0.68 - A Specification},
  year   = {2018},
}

@Article{Dimitrov2007,
  author  = {Dimitrov, Rouslan},
  title   = {Cascaded shadow maps},
  journal = {Developer Documentation, NVIDIA Corp},
  year    = {2007},
}

@Article{Aalund2013,
  author  = {Aalund, F and B{\~A}erentzen, JA},
  title   = {A Comparative Study of Screen-Space Ambient Occlusion Methods},
  journal = {Bachelor Thesis, Technical University of Denmark Informatics and Mathematical Modelling, Kgs. Lyngby, Denmark},
  year    = {2013},
  url     = {http://frederikaalund.com/a-comparative-study-of-screen-space-ambient-occlusion-methods/},
  urldate = {2018-02-16},
}

@InProceedings{Jensen2001,
  author       = {Jensen, Henrik Wann and Marschner, Stephen R and Levoy, Marc and Hanrahan, Pat},
  title        = {A practical model for subsurface light transport},
  booktitle    = {Proceedings of the 28th annual conference on Computer graphics and interactive techniques},
  year         = {2001},
  organization = {ACM},
  pages        = {511--518},
}

@TechReport{Habel2013,
  author      = {Habel, Ralf and Christensen, Per H and Jarosz, Wojciech},
  title       = {Classical and Improved Diffusion Theory for Subsurface Scattering},
  institution = {Citeseer},
  year        = {2013},
}

@InProceedings{Sloan2008,
  author    = {Sloan, Peter-Pike},
  title     = {Stupid spherical harmonics (SH) tricks},
  booktitle = {GDC},
  year      = {2008},
}

@TechReport{Jakob2010b,
  author      = {Jakob, Wenzel and Arbree, Adam and Moon, Jonathan T and Bala, Kavita and Marschner, Steve},
  title       = {A radiative transfer framework for rendering materials with anisotropic structure: Expanded Technical Report},
  institution = {Cornell University},
  year        = {2010},
}

@Article{Frisvad2014,
  author    = {Frisvad, Jeppe Revall and Hachisuka, Toshiya and Kjeldsen, Thomas Kim},
  title     = {Directional dipole model for subsurface scattering},
  journal   = {ACM Transactions on Graphics (TOG)},
  year      = {2014},
  volume    = {34},
  number    = {1},
  pages     = {5},
  publisher = {ACM},
}

@InProceedings{Jimenez2015,
  author       = {Jimenez, Jorge and Zsolnai, K{\'a}roly and Jarabo, Adrian and Freude, Christian and Auzinger, Thomas and Wu, Xian-Chun and der Pahlen, Javier and Wimmer, Michael and Gutierrez, Diego},
  title        = {Separable subsurface scattering},
  booktitle    = {Computer Graphics Forum},
  year         = {2015},
  volume       = {34},
  number       = {6},
  organization = {Wiley Online Library},
  pages        = {188--197},
}

@InProceedings{Jimenez2015b,
  author       = {Jimenez, Jorge and Zsolnai, K{\'a}roly and Jarabo, Adrian and Freude, Christian and Auzinger, Thomas and Wu, Xian-Chun and der Pahlen, Javier and Wimmer, Michael and Gutierrez, Diego},
  title        = {Separable subsurface scattering (Supplementary Materials)},
  booktitle    = {Computer Graphics Forum},
  year         = {2015},
  volume       = {34},
  number       = {6},
  organization = {Wiley Online Library},
  pages        = {188--197},
}

@Article{Jimenez2010,
  author    = {Jimenez, Jorge and Whelan, David and Sundstedt, Veronica and Gutierrez, Diego},
  title     = {Real-time realistic skin translucency},
  journal   = {IEEE Computer Graphics and Applications},
  year      = {2010},
  volume    = {30},
  number    = {4},
  pages     = {32--41},
  publisher = {IEEE},
}

@Article{Jimenez2009,
  author    = {Jimenez, Jorge and Sundstedt, Veronica and Gutierrez, Diego},
  title     = {Screen-space perceptual rendering of human skin},
  journal   = {ACM Transactions on Applied Perception (TAP)},
  year      = {2009},
  volume    = {6},
  number    = {4},
  pages     = {23},
  publisher = {ACM},
}

@InProceedings{Fredriksson2017,
  author    = {Andreas Fredriksson},
  title     = {Cold, Hard Cache - Insomniac Games' Cache Simulator},
  booktitle = {GDC},
  year      = {2017},
}

@InProceedings{Tatarchuk2015,
  author    = {Natalya Tatarchuk},
  title     = {Destiny's Multithreaded Rendering Architecture},
  booktitle = {GDC},
  year      = {2015},
}

@InProceedings{Sawicki2018,
  author    = {Adam Sawicki},
  title     = {Memory Management in Vulkan and DX12},
  booktitle = {GDC},
  year      = {2018},
}

@InProceedings{Marchalot2018,
  author    = {Ronan Marchalot},
  title     = {Clustered Forward Rendering and Anti-Aliasing in 'Detroit: Become Human'},
  booktitle = {GDC},
  year      = {2018},
}

@InProceedings{Anagnostou2018,
  author    = {Kostas Anagnostou},
  title     = {GPU driven rendering experiments},
  booktitle = {Digital Dragons},
  year      = {2018},
}

@InProceedings{Lottes2018,
  author    = {Timothy Lottes},
  title     = {Engine Optimization Hot Lap},
  booktitle = {GDC},
  year      = {2018},
}

@InProceedings{Mintus2018,
  author    = {Piotr Mintus},
  title     = {Performance and Memory Post Mortem for Middle-earth: Shadow of War},
  booktitle = {GDC},
  year      = {2018},
}

@InProceedings{Scherzer2011,
  author       = {Scherzer, Daniel and Wimmer, Michael and Purgathofer, Werner},
  title        = {A Survey of Real-Time Hard Shadow Mapping Methods},
  booktitle    = {Computer graphics forum},
  year         = {2011},
  volume       = {30},
  number       = {1},
  organization = {Wiley Online Library},
  pages        = {169--186},
}

@Article{Mattausch2008,
  author  = {Oliver Mattausch and Ji{\v r}{\' i} Bittner and Michael Wimmer},
  title   = {CHC++: Coherent Hierarchical Culling Revisited},
  journal = {EUROGRAPHICS},
  year    = {2008},
  volume  = {27},
  number  = {3},
}

@Article{Hecher2013,
  author  = {Michael Hecher and Matthias Bernhard and Oliver Mattausch and Daniel Scherzer and Michael Wimmer},
  title   = {A Comparative Perceptual Study of Soft-Shadow Algorithms},
  journal = {ACM Transactoins on Applied Perception},
  year    = {2013},
  volume  = {11},
  number  = {5},
  issue   = {2},
}

@InProceedings{Hill2016,
  author    = {Stephen Hill and Eric Heitz},
  title     = {Real-Time Area Lighting: a Journey from Research to Production},
  booktitle = {SIGGRAPH Course: Advances in Real-Time Rendering in Games},
  year      = {2016},
}

@InProceedings{Sawicki2018b,
  author    = {Adam Sawicki},
  title     = {Porting your engine to Vulkan or DX12},
  booktitle = {Digital Dragons},
  year      = {2018},
}

@InProceedings{Caurant2018,
  author    = {Guillaume Caurant and Thibault Lambert},
  title     = {The lighting technology of Detroit: Become Human},
  booktitle = {GDC},
  year      = {2018},
}

@InProceedings{Hillaire2015,
  author    = {Sebastien Hillaire},
  title     = {Physically Based and Unified Volumetric Rendering in Frostbite},
  booktitle = {SIGGRAPH Course: Advances in Real-Time Rendering in Games},
  year      = {2015},
}

@InProceedings{Wronski2014,
  author    = {Bartlomiej Wronski},
  title     = {Volumetric Fog: Unified compute shader based solution to atmospheric scattering},
  booktitle = {SIGGRAPH},
  year      = {2014},
}

@InProceedings{Persson2015,
  author    = {Emil Persson},
  title     = {Practical Clustered Shading},
  booktitle = {SIGGRAPH},
  year      = {2015},
}

@InProceedings{Olsson2015b,
  author    = {Ola Olsson},
  title     = {Efficient Shadows from Many Lights},
  booktitle = {SIGGRAPH},
  year      = {2015},
}

@InProceedings{Lagarde2018,
  author    = {S{\'e}bastien Lagarde and Evgenii Golubev},
  title     = {The Road Toward Unified Rendering with Unity's High Definition Render Pipeline},
  booktitle = {SIGGRAPH Course: Advances in Real-Time Rendering in Games},
  year      = {2018},
}

@InProceedings{Dutre2002,
  author    = {Philip Dutr{\'e} and Kavita Bala and Philippe Bekaert},
  title     = {Advanced Global Illumination},
  booktitle = {SIGGRAPH Course 2},
  year      = {2002},
}

@InProceedings{Golubev2018,
  author    = {Evgenii Golubev},
  title     = {Efficient Screen-Space Subsurface Scattering Using Burley's Normalized Diffusion in Real-Time},
  booktitle = {SIGGRAPH Course: Advances in Real-Time Rendering in Games},
  year      = {2018},
}

@Article{Mikkelsen2010,
  author    = {Mikkelsen, Morten S.},
  title     = {Bump mapping unparametrized surfaces on the GPU},
  journal   = {Journal of Graphics, GPU, and Game Tools},
  year      = {2010},
  volume    = {15},
  number    = {1},
  pages     = {49--61},
  publisher = {Taylor \& Francis},
}

@Article{Novak2018,
  author  = {Jan Nov{\'a}k and Iliyan Georgiev and Johannes Hanika and Wojciech Jarosz},
  title   = {Monte Carlo Methods Volumetric Light Transport Simulation},
  journal = {EUROGRAPHICS},
  year    = {2018},
  editor  = {K. Hildebrandt and C. Theobalt},
  volume  = {37},
  number  = {2},
}

@Misc{Pettineo2018,
  author  = {Matt Pettineo},
  title   = {Breaking Down Barriers - Part 1: What's a Barrier?},
  year    = {2018},
  url     = {https://mynameismjp.wordpress.com/2018/03/06/breaking-down-barriers-part-1-whats-a-barrier/},
  urldate = {2018-09-18},
}

@Book{Goodfellow2016,
  author  = {Ian Goodfellow and Yoshua Bengio and Aaron Courville},
  title   = {Deep Learning},
  year    = {2016},
  url     = {http://www.deeplearningbook.org/},
  urldate = {2019-06-13},
}

@InProceedings{Laine2013,
  author        = {Laine, Samuli},
  title         = {A topological approach to voxelization},
  booktitle     = {Computer Graphics Forum},
  year          = {2013},
  volume        = {32},
  number        = {4},
  organization  = {Wiley Online Library},
  pages         = {77--86},
}

@Misc{NVIDIA2016,
  author  = {NVIDIA},
  date    = {2016},
  title   = {DX12 Do's And Don'ts},
  url     = {https://developer.nvidia.com/dx12-dos-and-donts},
  urldate = {2021-04-03},
}

@Misc{Hodes2016b,
  author  = {Stephan Hodes},
  date    = {2016},
  title   = {Leveraging Asynchronous Queues for Concurrent Execution},
  url     = {https://gpuopen.com/learn/concurrent-execution-asynchronous-queues/},
  urldate = {2021-04-06},
}

@InProceedings{Tanaka2019,
  author    = {Ojiro Tanaka and Ashley Smith},
  booktitle = {GDC 2019},
  date      = {2019},
  title     = {DirectX 12 Optimization Techniques in Capcomâs RE ENGINE},
}

@Comment{jabref-meta: databaseType:biblatex;}
